@ONLINE{MagicMirror:2019:Online,
	author = {Michael, Teeuw},
	title = {MagicMirror Opensource Project},
	month = march,
	year = {2019},
	url = {https://magicmirror.builders/}
}

@ONLINE{MagicMirrorModules:2019:Online,
	author = {Various},
	title = {MagicMirror Modules},
	month = march,
	year = {2019},
	url = {https://github.com/MichMich/MagicMirror/wiki/3rd-party-modules}
}

@ONLINE{ESP-IDF:2019:Online,
	author = {Espressif},
	title = {Espressif IoT Development Framework},
	month = march,
	year = {2019},
	url = {https://docs.espressif.com/projects/esp-idf/en/latest/}
}

@ONLINE{MMM-Memo:2019:Online,
	author = {Schnibel},
	title = {Notes Modul f√ºr den MagicMirror},
	month = march,
	year = {2019},
	url = {https://github.com/schnibel/MMM-Memo}
}